{
  "leader": "01831cam a2200385Ii 4500",
  "fields": [
    {
      "001": "ocm00626152\\"
    },
    {
      "003": "OCoLC"
    },
    {
      "005": "20221228123107.0"
    },
    {
      "008": "730518s1971\\\\\\\\dcuac\\\\\\\\\\\\\\\\\\000\\0\\eng\\d"
    },
    {
      "016": {
        "ind1": "7",
        "ind2": "\\",
        "subfields": [
          {
            "a": "BA14177034"
          },
          {
            "2": "JP-ToKJK"
          }
        ]
      }
    },
    {
      "019": {
        "ind1": "\\",
        "ind2": "\\",
        "subfields": [
          {
            "a": "783563"
          },
          {
            "a": "22012975"
          },
          {
            "a": "973470202"
          },
          {
            "a": "993737945"
          },
          {
            "a": "1020876422"
          },
          {
            "a": "1051590688"
          }
        ]
      }
    },
    {
      "035": {
        "ind1": "\\",
        "ind2": "\\",
        "subfields": [
          {
            "a": "(OCoLC)626152"
          },
          {
            "z": "(OCoLC)783563"
          },
          {
            "z": "(OCoLC)22012975"
          },
          {
            "z": "(OCoLC)973470202"
          },
          {
            "z": "(OCoLC)993737945"
          },
          {
            "z": "(OCoLC)1020876422"
          },
          {
            "z": "(OCoLC)1051590688"
          }
        ]
      }
    },
    {
      "040": {
        "ind1": "\\",
        "ind2": "\\",
        "subfields": [
          {
            "a": "DRB"
          },
          {
            "b": "eng"
          },
          {
            "c": "DRB"
          },
          {
            "d": "OCLCG"
          },
          {
            "d": "OCLCQ"
          },
          {
            "d": "OCLCO"
          },
          {
            "d": "OCLCF"
          },
          {
            "d": "NGA"
          },
          {
            "d": "OCLCA"
          },
          {
            "d": "OCL"
          },
          {
            "d": "IRCJS"
          },
          {
            "d": "XFF"
          },
          {
            "d": "BUF"
          },
          {
            "d": "GILDS"
          },
          {
            "d": "OCLCQ"
          },
          {
            "d": "OCLCO"
          }
        ]
      }
    },
    {
      "043": {
        "ind1": "\\",
        "ind2": "\\",
        "subfields": [
          {
            "a": "a-cc---"
          },
          {
            "a": "a-ja---"
          },
          {
            "a": "n-us-dc"
          }
        ]
      }
    },
    {
      "050": {
        "ind1": "\\",
        "ind2": "4",
        "subfields": [
          {
            "a": "N5020.W3"
          },
          {
            "b": "E94 1971"
          }
        ]
      }
    },
    {
      "082": {
        "ind1": "0",
        "ind2": "4",
        "subfields": [
          {
            "a": "707.4013"
          },
          {
            "b": "EUG"
          }
        ]
      }
    },
    {
      "245": {
        "ind1": "0",
        "ind2": "0",
        "subfields": [
          {
            "a": "Eugene and Agnes E. Meyer Memorial Exhibition /"
          },
          {
            "c": "Freer Gallery of Art."
          }
        ]
      }
    },
    {
      "260": {
        "ind1": "\\",
        "ind2": "\\",
        "subfields": [
          {
            "a": "[Washington, D.C.] :"
          },
          {
            "b": "Smithsonian Institution,"
          },
          {
            "c": "1971."
          }
        ]
      }
    },
    {
      "300": {
        "ind1": "\\",
        "ind2": "\\",
        "subfields": [
          {
            "a": "77 pages :"
          },
          {
            "b": "illustrations, portraits ;"
          },
          {
            "c": "26 cm"
          }
        ]
      }
    },
    {
      "336": {
        "ind1": "\\",
        "ind2": "\\",
        "subfields": [
          {
            "a": "text"
          },
          {
            "b": "txt"
          },
          {
            "2": "rdacontent"
          }
        ]
      }
    },
    {
      "337": {
        "ind1": "\\",
        "ind2": "\\",
        "subfields": [
          {
            "a": "unmediated"
          },
          {
            "b": "n"
          },
          {
            "2": "rdamedia"
          }
        ]
      }
    },
    {
      "338": {
        "ind1": "\\",
        "ind2": "\\",
        "subfields": [
          {
            "a": "volume"
          },
          {
            "b": "nc"
          },
          {
            "2": "rdacarrier"
          }
        ]
      }
    },
    {
      "500": {
        "ind1": "\\",
        "ind2": "\\",
        "subfields": [
          {
            "a": "Catalog of an \"exhibition dedicated to the memory of Eugene and Agnes E. Meyer. September, 1971.\""
          }
        ]
      }
    },
    {
      "500": {
        "ind1": "\\",
        "ind2": "\\",
        "subfields": [
          {
            "a": "Introduction signed by Thomas Lawton and Hin-Cheung Lovell."
          }
        ]
      }
    },
    {
      "504": {
        "ind1": "\\",
        "ind2": "\\",
        "subfields": [
          {
            "a": "Includes bibliographical references."
          }
        ]
      }
    },
    {
      "600": {
        "ind1": "1",
        "ind2": "0",
        "subfields": [
          {
            "a": "Meyer, Eugene,"
          },
          {
            "d": "1875-1959"
          },
          {
            "x": "Art collections."
          }
        ]
      }
    },
    {
      "600": {
        "ind1": "1",
        "ind2": "0",
        "subfields": [
          {
            "a": "Meyer, Agnes E.,"
          },
          {
            "d": "1887-1970"
          },
          {
            "x": "Art collections."
          }
        ]
      }
    },
    {
      "600": {
        "ind1": "1",
        "ind2": "7",
        "subfields": [
          {
            "a": "Meyer, Agnes E.,"
          },
          {
            "d": "1887-1970"
          },
          {
            "2": "fast"
          },
          {
            "0": "(OCoLC)fst00049362"
          }
        ]
      }
    },
    {
      "600": {
        "ind1": "1",
        "ind2": "7",
        "subfields": [
          {
            "a": "Meyer, Eugene,"
          },
          {
            "d": "1875-1959"
          },
          {
            "2": "fast"
          },
          {
            "0": "(OCoLC)fst00198911"
          }
        ]
      }
    },
    {
      "650": {
        "ind1": "\\",
        "ind2": "7",
        "subfields": [
          {
            "a": "Art"
          },
          {
            "x": "Private collections."
          },
          {
            "2": "fast"
          },
          {
            "0": "(OCoLC)fst00815314"
          }
        ]
      }
    },
    {
      "710": {
        "ind1": "2",
        "ind2": "\\",
        "subfields": [
          {
            "a": "Freer Gallery of Art."
          }
        ]
      }
    },
    {
      "776": {
        "ind1": "0",
        "ind2": "8",
        "subfields": [
          {
            "i": "Online version:"
          },
          {
            "t": "Eugene and Agnes E. Meyer Memorial Exhibition."
          },
          {
            "d": "[Washington, D.C.] Smithsonian Institution, 1971"
          },
          {
            "w": "(OCoLC)643581727"
          }
        ]
      }
    },
    {
      "948": {
        "ind1": "\\",
        "ind2": "\\",
        "subfields": [
          {
            "h": "NO HOLDINGS IN NYRVC - 129 OTHER HOLDINGS"
          }
        ]
      }
    },
    {
      "994": {
        "ind1": "\\",
        "ind2": "\\",
        "subfields": [
          {
            "a": "Z0"
          },
          {
            "b": "NYRVC"
          }
        ]
      }
    },
    {
      "999": {
        "ind1": "\\",
        "ind2": "\\",
        "subfields": [
          {
            "a": "00000000011433"
          }
        ]
      }
    }
  ]
}